@PhdThesis{watkins1989,
	Author = {Watkins, Christopher John Cornish Hellaby},
	Month = {May},
	School = {King's College},
	Adress = {Cambridge, UK},
	Title = {Learning from delayed rewards},
	Url = {http://www.cs.rhul.ac.uk/~chrisw/new_thesis.pdf},
	Year = {1989}}
	
@inproceedings{Reference2,
author = {Navarro, Anthony and Genc, Sahika and Rangarajan, Premkumar and Khalil, Rana and Goberville, Nicholas and Rojas, Johan and Asher, Zachary},
year = {2020},
month = {04},
pages = {},
title = {Using Reinforcement Learning and Simulation to Develop Autonomous Vehicle Control Strategies},
doi = {10.4271/2020-01-0737}
}


@inproceedings{Reference3,
author = {Ahmad El Sallab,  Mohammed Abdou,  Etienne Perot,  Senthil Yogamani},
year = {2017},
pages = {70-76},
title = {Deep Reinforcement Learning framework for Autonomous Driving},
doi = {10.2352/ISSN.2470-1173.2017.19.AVM-023}
}

@inproceedings{Reference4,
author = {Ivanov, Radoslav and Carpenter, Taylor and Weimer, James and Alur, Rajeev and Pappas, George and Lee, Insup},
year = {2020},
month = {04},
pages = {1-7},
title = {Case study: verifying the safety of an autonomous racing car with a neural network controller},
doi = {10.1145/3365365.3382216}
}

@article{Barab_s_2017,
	doi = {10.1088/1757-899x/252/1/012096},
	url = {https://doi.org/10.1088/1757-899x/252/1/012096},
	year = {2017},
	month = {10},
	publisher = {IOP Publishing},
	volume = {252},
	pages = {012096},
	author = {I Barab{\'{a}}s, and A Todoru{\c{t}} and N Cordo{\c{s}} and A Molea},
	title = {Current challenges in autonomous driving},
	journal = {IOP Conference Series: Materials Science and Engineering}
}

@ARTICLE{lidar,
  author={Li, You and Ibanez-Guzman, Javier},
  journal={IEEE Signal Processing Magazine}, 
  title={Lidar for Autonomous Driving: The Principles, Challenges, and Trends for Automotive Lidar and Perception Systems}, 
  year={2020},
  volume={37},
  number={4},
  pages={50-61},
  doi={10.1109/MSP.2020.2973615}}
  
  @article{granturismo,
   title={Super-Human Performance in Gran Turismo Sport Using Deep Reinforcement Learning},
   volume={6},
   ISSN={2377-3774},
   url={http://dx.doi.org/10.1109/LRA.2021.3064284},
   DOI={10.1109/lra.2021.3064284},
   number={3},
   journal={IEEE Robotics and Automation Letters},
   publisher={Institute of Electrical and Electronics Engineers (IEEE)},
   author={Fuchs, Florian and Song, Yunlong and Kaufmann, Elia and Scaramuzza, Davide and Durr, Peter},
   year={2021},
   month={Jul},
   pages={4257–4264} }
   
   
@Misc{silver2015,author = {David Silver},title = {Lectures on 
Reinforcement Learning},howpublished = {\textsc{url:}~\url
{https://www.davidsilver.uk/teaching/}},year = {2015},  note = {Accessed: 04/03/2022}}

@article{ddpg2014,
author = {Silver, David and Lever, Guy and Heess, Nicolas and Degris, Thomas and Wierstra, Daan and Riedmiller, Martin},
year = {2014},
month = {06},
pages = {},
title = {Deterministic Policy Gradient Algorithms},
volume = {1},
journal = {31st International Conference on Machine Learning, ICML 2014}
}


@article{ddpg2015,
author = {Lillicrap, Timothy and Hunt, Jonathan and Pritzel, Alexander and Heess, Nicolas and Erez, Tom and Tassa, Yuval and Silver, David and Wierstra, Daan},
year = {2015},
month = {09},
pages = {},
title = {Continuous control with deep reinforcement learning},
journal = {CoRR}
}

@book{smart,
author = {Gerrish, Sean},
year = {2018},
title = {How Smart Machines Think}
}

@misc{okelly2019,
    title={F1/10: An Open-Source Autonomous Cyber-Physical Platform},
    author={Matthew O'Kelly and Varundev Sukhil and Houssam Abbas and Jack Harkins and Chris Kao and Yash Vardhan Pant and Rahul Mangharam and Dipshil Agarwal and Madhur Behl and Paolo Burgio and Marko Bertogna},
    year={2019},
    eprint={1901.08567},
    archivePrefix={arXiv},
    primaryClass={cs.RO}
}


@article{drl,
author = {Mnih, Volodymyr and Kavukcuoglu, Koray and Silver, David and Rusu, Andrei and Veness, Joel and Bellemare, Marc and Graves, Alex and Riedmiller, Martin and Fidjeland, Andreas and Ostrovski, Georg and Petersen, Stig and Beattie, Charles and Sadik, Amir and Antonoglou, Ioannis and King, Helen and Kumaran, Dharshan and Wierstra, Daan and Legg, Shane and Hassabis, Demis},
year = {2015},
month = {02},
pages = {529-33},
title = {Human-level control through deep reinforcement learning},
volume = {518},
journal = {Nature},
doi = {10.1038/nature14236}
}

@ARTICLE{temporaldiff,
  author={Tsitsiklis, J.N. and Van Roy, B.},
  journal={IEEE Transactions on Automatic Control}, 
  title={An analysis of temporal-difference learning with function approximation}, 
  year={1997},
  volume={42},
  number={5},
  pages={674-690},
  doi={10.1109/9.580874}}
  
  
  @inbook{survey,
author = {Kaelbling, L.P. and Littman, M.L. and Moore, A.W.},
journal={Journal of Artificial Intelligence research}, 
  title={Reinforcement Learning: A survey}, 
  year={1996},
  number={4},
  pages={237-285}
}

@book{sejnowski2018deep,
  title={The deep learning revolution},
  author={Sejnowski, Terrence J},
  year={2018},
  publisher={MIT press}
}

@article{Silver2016MasteringTG,
  title={Mastering the game of Go with deep neural networks and tree search},
  author={David Silver and Aja Huang and Chris J. Maddison and Arthur Guez and L. Sifre and George van den Driessche and Julian Schrittwieser and Ioannis Antonoglou and Vedavyas Panneershelvam and Marc Lanctot and Sander Dieleman and Dominik Grewe and John Nham and Nal Kalchbrenner and Ilya Sutskever and Timothy P. Lillicrap and Madeleine Leach and Koray Kavukcuoglu and Thore Graepel and Demis Hassabis},
  journal={Nature},
  year={2016},
  volume={529},
  pages={484-489}
}

@article{I2A,
author = {Weber, Theophane and Racanière, Sébastien and Reichert, David and Buesing, Lars and Guez, Arthur and Jimenez Rezende, Danilo and Badia, Adria and Vinyals, Oriol and Heess, Nicolas and Li, Yujia and Pascanu, Razvan and Battaglia, Peter and Silver, David and Wierstra, Daan},
year = {2017},
month = {07},
pages = {},
title = {Imagination-Augmented Agents for Deep Reinforcement Learning}
}

@article{ppo,
author = {Schulman, John and Wolski, Filip and Dhariwal, Prafulla and Radford, Alec and Klimov, Oleg},
year = {2017},
month = {07},
pages = {},
title = {Proximal Policy Optimization Algorithms}
}

@article{qlearningconvergence,
author = {Watkins, Christopher and Dayan, Peter},
year = {1992},
month = {05},
pages = {279-292},
title = {Technical Note: Q-Learning},
volume = {8},
journal = {Machine Learning},
doi = {10.1007/BF00992698}
}

@inproceedings{benchmark,
author = {Hermansdorfer, Leonhard and Betz, Johannes and Lienkamp, Markus},
year = {2020},
month = {11},
pages = {},
title = {Benchmarking of a software stack for autonomous racing against a professional human race driver},
doi = {10.1109/EVER48776.2020.9242926}
}

@INPROCEEDINGS{sim2real,
  author={Balaji, Bharathan and Mallya, Sunil and Genc, Sahika and Gupta, Saurabh and Dirac, Leo and Khare, Vineet and Roy, Gourav and Sun, Tao and Tao, Yunzhe and Townsend, Brian and Calleja, Eddie and Muralidhara, Sunil and Karuppasamy, Dhanasekar},
  booktitle={2020 IEEE International Conference on Robotics and Automation (ICRA)}, 
  title={DeepRacer: Autonomous Racing Platform for Experimentation with Sim2Real Reinforcement Learning}, 
  year={2020},
  volume={},
  number={},
  pages={2746-2754},
  doi={10.1109/ICRA40945.2020.9197465}}

@inbook{mdpinai,
	author = {Garcia, Frédérick and Rachelson, Emmanuel},
	publisher = {John Wiley and Sons, Ltd},
	isbn = {9781118557426},
	title = {Markov Decision Processes},
	booktitle = {Markov Decision Processes in Artificial Intelligence},
	chapter = {1},
	pages = {1-38},
	doi = {https://doi.org/10.1002/9781118557426.ch1},
	url = {https://onlinelibrary.wiley.com/doi/abs/10.1002/9781118557426.ch1},
	eprint = {https://onlinelibrary.wiley.com/doi/pdf/10.1002/9781118557426.ch1},
	year = {2013}
	}
	
	
@inproceedings{modelbased,
author = {Brunnbauer, Axel and Berducci, Luigi and Brandstätter, Andreas and Lechner, Mathias and Hasani, Ramin and Rus, Daniela and Grosu, Radu},
year = {2021},
month = {03},
pages = {},
title = {Model-based versus Model-free Deep Reinforcement Learning for Autonomous Racing Cars}
}

@book{rlintro,
author = {Sutton, Richard S. and Barto, Andrew G.},
title = {Reinforcement Learning: An Introduction},
year = {2018},
isbn = {0262039249},
publisher = {A Bradford Book},
address = {Cambridge, MA, USA}}


@article{mlptraining,
author = {Popescu, Marius-Constantin and Balas, Valentina and Perescu-Popescu, Liliana and Mastorakis, Nikos},
year = {2009},
month = {07},
pages = {},
title = {Multilayer perceptron and neural networks},
volume = {8},
journal = {WSEAS Transactions on Circuits and Systems}
}

@article{cnnintro,
author = {O'Shea, Keiron and Nash, Ryan},
year = {2015},
month = {11},
pages = {},
title = {An Introduction to Convolutional Neural Networks},
journal = {ArXiv e-prints}
}

@Inbook{Alloghani2020,
author="Alloghani, Mohamed
and Al-Jumeily, Dhiya
and Mustafina, Jamila
and Hussain, Abir
and Aljaaf, Ahmed J.",
editor="Berry, Michael W.
and Mohamed, Azlinah
and Yap, Bee Wah",
title="A Systematic Review on Supervised and Unsupervised Machine Learning Algorithms for Data Science",
bookTitle="Supervised and Unsupervised Learning for Data Science ",
year="2020",
publisher="Springer International Publishing",
address="Cham",
pages="3--21",
isbn="978-3-030-22475-2",
doi="10.1007/978-3-030-22475-2_1",
url="https://doi.org/10.1007/978-3-030-22475-2_1"
}



@INPROCEEDINGS{bosello,
  author={Bosello, Michael and Tse, Rita and Pau, Giovanni},
  booktitle={2022 IEEE 19th Annual Consumer Communications Networking Conference (CCNC)}, 
  title={Train in Austria, Race in Montecarlo: Generalized RL for Cross-Track F1Tenth LIDAR-Based Races}, 
  year={2022},
  pages={290-298},
  doi={10.1109/CCNC49033.2022.9700730}}
  
  @misc{brunnbauer2022latent,
      title={Latent Imagination Facilitates Zero-Shot Transfer in Autonomous Racing}, 
      author={Axel Brunnbauer and Luigi Berducci and Andreas Brandstätter and Mathias Lechner and Ramin Hasani and Daniela Rus and Radu Grosu},
      year={2022},
      eprint={2103.04909},
      archivePrefix={arXiv},
      primaryClass={cs.LG}
}


@article{ethical,
author = {Hansson, Sven Ove and Belin, Matts Ake and Lundgren, Björn},
year = {2021},
month = {12},
pages = {},
title = {Self-Driving Vehicles—an Ethical Overview},
volume = {34},
journal = {Philosophy and Technology},
doi = {10.1007/s13347-021-00464-5}
}

@misc{orbit,
  author = {(ORBIT)},
  title = {ORBIT AREA 4P Framework},
  howpublished = {\url{https://www.orbit-rri.org/about/area4pframework/}},
  note = {Accessed: 06/04/2022}
}

@misc{rossyntax,
  author = {(PyStyleGuide)},
  title = {PyStyleGuide},
  howpublished = {\url{http://wiki.ros.org/PyStyleGuide}},
  note = {Accessed: 05/04/2022}
}

@misc{pysyntax,
  author = {(PEP8)},
  title = {PEP8},
  howpublished = {\url{https://peps.python.org/pep-0008/}},
  note = {Accessed: 05/04/2022}
}

@article{rivera1986internal,
  title={Internal model control: PID controller design},
  author={Rivera, Daniel E and Morari, Manfred and Skogestad, Sigurd},
  journal={Industrial \& engineering chemistry process design and development},
  volume={25},
  number={1},
  pages={252--265},
  year={1986},
  publisher={ACS Publications}
}

@misc{wallfollowcourse,
  author={Mangharam, Rahul},
  year = {2020},
  title={F1Tenth autonomous racing course},
  howpublished = {\url{https://linklab-uva.github.io/autonomousracing/assets/files/assgn4_2021.pdf/}},
  note = {Accessed: 07/04/2022}
}


@misc{wikiredbull,
  author={Wikipedia},
  year = {2022},
  title={Wikipedia Article},
  howpublished = {\url{https://en.wikipedia.org/wiki/Red_Bull_Ring}},
  note = {Accessed: 07/04/2022}
}

@misc{wikisilver,
  author={Wikipedia},
  year = {2022},
  title={Wikipedia Article},
  howpublished = {\url{https://en.wikipedia.org/wiki/Silverstone_Circuit}},
  note = {Accessed: 07/04/2022}
}

@misc{wikimonaco,
  author={Wikipedia},
  year = {2022},
  title={Wikipedia Article},
  howpublished = {\url{https://en.wikipedia.org/wiki/Circuit_de_Monaco}},
  note = {Accessed: 07/04/2022}
}

@article{futurework,
  title={Modeling Race Track Difficulty in Racing Games},
  author={Ploeg, R.G. van der},
  year={2015},
  url = {https://studenttheses.uu.nl/handle/20.500.12932/21108},
}

